% Encoding: UTF-8

@Article{harris2020array,
 title         = {Array programming with {NumPy}},
 author        = {Charles R. Harris and K. Jarrod Millman and St{'{e}}fan J.
                 van der Walt and Ralf Gommers and Pauli Virtanen and David
                 Cournapeau and Eric Wieser and Julian Taylor and Sebastian
                 Berg and Nathaniel J. Smith and Robert Kern and Matti Picus
                 and Stephan Hoyer and Marten H. van Kerkwijk and Matthew
                 Brett and Allan Haldane and Jaime Fern{'{a}}ndez del
                 R{'{\i}}o and Mark Wiebe and Pearu Peterson and Pierre
                 G{'{e}}rard-Marchant and Kevin Sheppard and Tyler Reddy and
                 Warren Weckesser and Hameer Abbasi and Christoph Gohlke and
                 Travis E. Oliphant},
 year          = {2020},
 month         = sep,
 journal       = {Nature},
 volume        = {585},
 number        = {7825},
 pages         = {357--362},
 doi           = {10.1038/s41586-020-2649-2},
 publisher     = {Springer Science and Business Media {LLC}},
 url           = {https://doi.org/10.1038/s41586-020-2649-2}
}

@article{frishman1995knowledge,
  title={Knowledge-based protein secondary structure assignment},
  author={Frishman, Dmitrij and Argos, Patrick},
  journal={Proteins: Structure, Function, and Bioinformatics},
  volume={23},
  number={4},
  pages={566--579},
  year={1995},
  publisher={Wiley Online Library}
}

@article{nickolls2008scalable,
  title={Scalable parallel programming with CUDA},
  author={Nickolls, John and Buck, Ian and Garland, Michael and Skadron, Kevin},
  journal={Queue},
  volume={6},
  number={2},
  pages={40--53},
  year={2008},
  publisher={ACM New York, NY, USA}
}


@article{wenthundersvm18,
 author = {Wen, Zeyi and Shi, Jiashuai and Li, Qinbin and He, Bingsheng and Chen, Jian},
 title = {{ThunderSVM}: A Fast {SVM} Library on {GPUs} and {CPUs}},
 journal = {Journal of Machine Learning Research},
 volume={19},
 pages={797--801},
 year = {2018}
}


@article{Lifson1961,
author = {Lifson,Shneior  and Roig,A. },
title = {On the Theory of Helixâ€”Coil Transition in Polypeptides},
journal = {The Journal of Chemical Physics},
volume = {34},
number = {6},
pages = {1963-1974},
year = {1961},
doi = {10.1063/1.1731802},

URL = { 
        https://doi.org/10.1063/1.1731802
    
},
eprint = { 
        https://doi.org/10.1063/1.1731802    
}
}


@article{Zimm1959,
author = {Zimm,B. H.  and Bragg,J. K. },
title = {Theory of the Phase Transition between Helix and Random Coil in Polypeptide Chains},
journal = {The Journal of Chemical Physics},
volume = {31},
number = {2},
pages = {526-535},
year = {1959},
doi = {10.1063/1.1730390},

URL = { 
        https://doi.org/10.1063/1.1730390
    
},
eprint = { 
        https://doi.org/10.1063/1.1730390
    
}

}
@Article{Drozdetskiy2015,
  author    = {Alexey Drozdetskiy And Christian Cole And James Procter And Geoffrey J. Barton},
  title     = {{JPred}4: a protein secondary structure prediction server},
  doi       = {10.1093/nar/gkv332},
  number    = {W1},
  pages     = {W389--W394},
  volume    = {43},
  file      = {:Drozdetskiy2015 - JPred4_ a Protein Secondary Structure Prediction Server.pdf:PDF},
  journal   = {Nucleic Acids Research},
  month     = apr,
  publisher = {Oxford University Press ({OUP})},
  year      = {2015},
}

@Article{Berman2000,
  author    = {H. M. Berman},
  title     = {The Protein Data Bank},
  doi       = {10.1093/nar/28.1.235},
  number    = {1},
  pages     = {235--242},
  url       = {http://www.rcsb.org/},
  volume    = {28},
  journal   = {Nucleic Acids Research},
  month     = jan,
  publisher = {Oxford University Press ({OUP})},
  year      = {2000},
}

@Article{Kabsch1983,
  author    = {Wolfgang Kabsch And Christian Sander},
  title     = {Dictionary of protein secondary structure: Pattern recognition of hydrogen-bonded and geometrical features},
  doi       = {10.1002/bip.360221211},
  number    = {12},
  pages     = {2577--2637},
  volume    = {22},
  file      = {:Kabsch1983 - Dictionary of Protein Secondary Structure_ Pattern Recognition of Hydrogen Bonded and Geometrical Features.pdf:PDF},
  journal   = {Biopolymers},
  month     = dec,
  publisher = {Wiley},
  year      = {1983},
}

@Article{Steinegger2017,
  author    = {Martin Steinegger And Johannes S{\"{o}}ding},
  title     = {{MMseqs}2 enables sensitive protein sequence searching for the analysis of massive data sets},
  doi       = {10.1038/nbt.3988},
  number    = {11},
  pages     = {1026--1028},
  volume    = {35},
  journal   = {Nature Biotechnology},
  month     = oct,
  publisher = {Springer Science and Business Media {LLC}},
  year      = {2017},
}

@Article{Steinegger2018,
  author    = {Martin Steinegger And Johannes S{\"{o}}ding},
  title     = {Clustering huge protein sequence sets in linear time},
  doi       = {10.1038/s41467-018-04964-5},
  number    = {1},
  volume    = {9},
  file      = {:Steinegger2018 - Clustering Huge Protein Sequence Sets in Linear Time.pdf:PDF},
  journal   = {Nature Communications},
  month     = jun,
  publisher = {Springer Science and Business Media {LLC}},
  year      = {2018},
}

@Article{Altschul1990,
  author    = {Stephen F. Altschul And Warren Gish And Webb Miller And Eugene W. Myers And David J. Lipman},
  title     = {Basic local alignment search tool},
  doi       = {10.1016/s0022-2836(05)80360-2},
  number    = {3},
  pages     = {403--410},
  volume    = {215},
  file      = {:Altschul1990 - Basic Local Alignment Search Tool.pdf:PDF},
  journal   = {Journal of Molecular Biology},
  month     = oct,
  publisher = {Elsevier {BV}},
  year      = {1990},
}

@Article{2018a,
  author    = {{The UniProt Consortium}},
  title     = {{UniProt}: a worldwide hub of protein knowledge},
  doi       = {10.1093/nar/gky1049},
  number    = {D1},
  pages     = {D506--D515},
  volume    = {47},
  file      = {:2018a - UniProt_ a Worldwide Hub of Protein Knowledge.pdf:PDF},
  journal   = {Nucleic Acids Research},
  month     = nov,
  publisher = {Oxford University Press ({OUP})},
  year      = {2018},
}

@Article{Andreeva2013,
  author    = {Antonina Andreeva And Dave Howorth And Cyrus Chothia And Eugene Kulesha And Alexey G. Murzin},
  title     = {{SCOP}2 prototype: a new approach to protein structure mining},
  doi       = {10.1093/nar/gkt1242},
  number    = {D1},
  pages     = {D310--D314},
  volume    = {42},
  file      = {:Andreeva2013 - SCOP2 Prototype_ a New Approach to Protein Structure Mining.pdf:PDF},
  journal   = {Nucleic Acids Research},
  month     = nov,
  publisher = {Oxford University Press ({OUP})},
  year      = {2013},
}

@Article{Andreeva2019,
  author    = {Antonina Andreeva And Eugene Kulesha And Julian Gough And Alexey G Murzin},
  title     = {The {SCOP} database in 2020: expanded classification of representative family and superfamily domains of known protein structures},
  doi       = {10.1093/nar/gkz1064},
  number    = {D1},
  pages     = {D376--D382},
  volume    = {48},
  journal   = {Nucleic Acids Research},
  month     = nov,
  publisher = {Oxford University Press ({OUP})},
  year      = {2019},
}

@Article{Koehl1999,
  author    = {P. Koehl And M. Levitt},
  title     = {Structure-based conformational preferences of amino acids},
  doi       = {10.1073/pnas.96.22.12524},
  number    = {22},
  pages     = {12524--12529},
  volume    = {96},
  file      = {:Koehl1999 - Structure Based Conformational Preferences of Amino Acids.pdf:PDF},
  journal   = {Proceedings of the National Academy of Sciences},
  month     = oct,
  publisher = {Proceedings of the National Academy of Sciences},
  year      = {1999},
}

@Article{Chou1974a,
  author    = {Peter Y. Chou And Gerald D. Fasman},
  title     = {Conformational parameters for amino acids in helical, $\beta$-sheet, and random coil regions calculated from proteins},
  doi       = {10.1021/bi00699a001},
  number    = {2},
  pages     = {211--222},
  volume    = {13},
  journal   = {Biochemistry},
  month     = jan,
  publisher = {American Chemical Society ({ACS})},
  year      = {1974},
}

@Article{Altschul1997,
  author    = {S. Altschul},
  title     = {Gapped {BLAST} and {PSI}-{BLAST}: a new generation of protein database search programs},
  doi       = {10.1093/nar/25.17.3389},
  number    = {17},
  pages     = {3389--3402},
  volume    = {25},
  file      = {:Altschul1997 - Gapped BLAST and PSI BLAST_ a New Generation of Protein Database Search Programs.pdf:PDF},
  journal   = {Nucleic Acids Research},
  month     = sep,
  publisher = {Oxford University Press ({OUP})},
  year      = {1997},
}

@Article{Harris2020,
  author    = {Charles R. Harris And K. Jarrod Millman And St{\'{e}}fan J. Van Der Walt And Ralf Gommers And Pauli Virtanen And David Cournapeau And Eric Wieser And Julian Taylor And Sebastian Berg And Nathaniel J. Smith And Robert Kern And Matti Picus And Stephan Hoyer And Marten H. Van Kerkwijk And Matthew Brett And Allan Haldane And Jaime Fern{\'{a}}ndez Del R{\'{\i}}o And Mark Wiebe And Pearu Peterson And Pierre G{\'{e}}rard-marchant And Kevin Sheppard And Tyler Reddy And Warren Weckesser And Hameer Abbasi And Christoph Gohlke And Travis E. Oliphant},
  title     = {Array programming with {NumPy}},
  doi       = {10.1038/s41586-020-2649-2},
  number    = {7825},
  pages     = {357--362},
  volume    = {585},
  file      = {:Harris2020 - Array Programming with NumPy.pdf:PDF},
  journal   = {Nature},
  month     = sep,
  publisher = {Springer Science and Business Media {LLC}},
  year      = {2020},
}

@Article{scikit-learn,
  author  = {Pedregosa, F. And Varoquaux, G. And Gramfort, A. And Michel, V. And Thirion, B. And Grisel, O. And Blondel, M. And Prettenhofer, P. And Weiss, R. And Dubourg, V. And Vanderplas, J. And Passos, A. And Cournapeau, D. And Brucher, M. And Perrot, M. And Duchesnay, E.},
  title   = {Scikit-learn: Machine Learning in {P}ython},
  pages   = {2825--2830},
  volume  = {12},
  journal = {Journal of Machine Learning Research},
  year    = {2011},
}

@Article{Matthews1975,
  author    = {B.w. Matthews},
  title     = {Comparison of the predicted and observed secondary structure of {T4} phage lysozyme},
  doi       = {10.1016/0005-2795(75)90109-9},
  number    = {2},
  pages     = {442--451},
  volume    = {405},
  journal   = {Biochimica et Biophysica Acta ({BBA}) - Protein Structure},
  month     = oct,
  publisher = {Elsevier {BV}},
  year      = {1975},
}

@Misc{waskom2020,
  author    = {Michael Waskom},
  title     = {Seaborn},
  doi       = {10.5281/zenodo.592845},
  note      = {\url{10.5281/zenodo.592845}},
  version   = {latest},
  month     = sep,
  publisher = {Zenodo},
  year      = {2020},
}

@Article{Hunter:2007,
  author    = {Hunter, J. D.},
  title     = {Matplotlib: A 2D graphics environment},
  doi       = {10.1109/MCSE.2007.55},
  number    = {3},
  pages     = {90--95},
  volume    = {9},
  abstract  = {Matplotlib is a 2D graphics package used for Python for
  application development, interactive scripting, and publication-quality
  image generation across user interfaces and operating systems.},
  journal   = {Computing in Science \& Engineering},
  publisher = {IEEE COMPUTER SOC},
  year      = {2007},
}

@Article{Cortes1995,
  author    = {Corinna Cortes And Vladimir Vapnik},
  title     = {Support-vector networks},
  doi       = {10.1007/bf00994018},
  number    = {3},
  pages     = {273--297},
  volume    = {20},
  file      = {:Cortes1995 - Support Vector Networks.pdf:PDF},
  journal   = {Machine Learning},
  month     = sep,
  publisher = {Springer Science and Business Media {LLC}},
  year      = {1995},
}

@Article{Chang2011,
  author    = {{Chih-chung} Chang And Chih-jen Lin},
  title     = {{LIBSVM}: A library for support vector machines},
  doi       = {10.1145/1961189.1961199},
  number    = {3},
  pages     = {1--27},
  volume    = {2},
  journal   = {{ACM} Transactions on Intelligent Systems and Technology},
  month     = apr,
  publisher = {Association for Computing Machinery ({ACM})},
  year      = {2011},
}

@Article{Fan2008Jun,
  author       = {Fan, Rong-en And Chang, Kai-wei And Hsieh, Cho-jui And Wang, Xiang-rui And Lin, Chih-jen},
  title        = {{LIBLINEAR}: A library for large linear classification},
  doi          = {10.5555/1390681.1442794},
  issn         = {1532-4435},
  pages        = {1871--1874},
  volume       = {9},
  journal      = {Journal of Machine Learning Research},
  month        = jun,
  publisher    = {JMLR.org},
  shortjournal = {J. Mach. Learn. Res.},
  year         = {2008},
}

@Article{Cuff2000,
  author    = {James A. Cuff And Geoffrey J. Barton},
  title     = {Application of multiple sequence alignment profiles to improve protein secondary structure prediction},
  doi       = {10.1002/1097-0134(20000815)40:3<502::aid-prot170>3.0.co;2-q},
  number    = {3},
  pages     = {502--511},
  volume    = {40},
  file      = {:Cuff2000 - Application of Multiple Sequence Alignment Profiles to Improve Protein Secondary Structure Prediction.pdf:PDF},
  journal   = {Proteins: Structure, Function, and Genetics},
  publisher = {Wiley},
  year      = {2000},
}

@Article{Garnier1978,
  author    = {J. Garnier And D.j. Osguthorpe And B. Robson},
  title     = {Analysis of the accuracy and implications of simple methods for predicting the secondary structure of globular proteins},
  doi       = {10.1016/0022-2836(78)90297-8},
  number    = {1},
  pages     = {97--120},
  volume    = {120},
  file      = {:Garnier1978 - Analysis of the Accuracy and Implications of Simple Methods for Predicting the Secondary Structure of Globular Proteins.pdf:PDF},
  journal   = {Journal of Molecular Biology},
  month     = mar,
  publisher = {Elsevier {BV}},
  year      = {1978},
}

@MastersThesis{Karush,
  author      = {Karush, William},
  institution = {University of Chicago},
  title       = {Minima of functions of several variables with inequalities as side conditions},
  url         = {https://catalog.lib.uchicago.edu/vufind/Record/4111654},
  month       = dec,
  school      = {University of Chicago},
  year        = {1939},
}

@InProceedings{kuhn1951,
  author    = {Kuhn, H. W. And Tucker, A. W.},
  booktitle = {Proceedings of the Second Berkeley Symposium on Mathematical Statistics and Probability},
  title     = {Nonlinear Programming},
  pages     = {481--492},
  publisher = {University of California Press},
  url       = {https://projecteuclid.org/euclid.bsmsp/1200500249},
  address   = {Berkeley, Calif.},
  year      = {1951},
}

@Article{Gorodkin2004,
  author    = {J. Gorodkin},
  title     = {Comparing two K-category assignments by a K-category correlation coefficient},
  doi       = {10.1016/j.compbiolchem.2004.09.006},
  number    = {5-6},
  pages     = {367--374},
  volume    = {28},
  journal   = {Computational Biology and Chemistry},
  month     = dec,
  publisher = {Elsevier {BV}},
  year      = {2004},
}

@Article{Rost2001,
  author    = {Burkhard Rost},
  title     = {Review: Protein Secondary Structure Prediction Continues to Rise},
  doi       = {10.1006/jsbi.2001.4336},
  number    = {2-3},
  pages     = {204--218},
  volume    = {134},
  file      = {:Rost2001 - Review_ Protein Secondary Structure Prediction Continues to Rise.pdf:PDF},
  journal   = {Journal of Structural Biology},
  month     = may,
  publisher = {Elsevier {BV}},
  year      = {2001},
}

@Article{Pauling1951,
  author    = {L. Pauling And R. B. Corey},
  title     = {Configurations of Polypeptide Chains With Favored Orientations Around Single Bonds: two New Pleated Sheets},
  doi       = {10.1073/pnas.37.11.729},
  number    = {11},
  pages     = {729--740},
  volume    = {37},
  file      = {:Pauling1951 - Configurations of Polypeptide Chains with Favored Orientations around Single Bonds_ Two New Pleated Sheets.pdf:PDF},
  journal   = {Proceedings of the National Academy of Sciences},
  month     = nov,
  publisher = {Proceedings of the National Academy of Sciences},
  year      = {1951},
}

@Article{Pauling1951a,
  author    = {L. Pauling And R. B. Corey And H. R. Branson},
  title     = {The structure of proteins: Two hydrogen-bonded helical configurations of the polypeptide chain},
  doi       = {10.1073/pnas.37.4.205},
  number    = {4},
  pages     = {205--211},
  volume    = {37},
  journal   = {Proceedings of the National Academy of Sciences},
  month     = apr,
  publisher = {Proceedings of the National Academy of Sciences},
  year      = {1951},
}

@Article{Perutz1960,
  author       = {Perutz, M. F. And Rossmann, M. G. And Cullis, Ann F. And Muirhead, Hilary And Will, Georg And North, A. C. T.},
  title        = {Structure of {H{\ae}moglobin}: A Three-Dimensional Fourier Synthesis at {5.5-{\AA}} Resolution, Obtained by X-Ray Analysis},
  doi          = {10.1038/185416a0},
  issn         = {1476-4687},
  number       = {4711},
  pages        = {416--422},
  volume       = {185},
  journal      = {Nature},
  month        = feb,
  publisher    = {Nature Publishing Group},
  shortjournal = {Nature},
  year         = {1960},
}

@Article{Kendrew1960,
  author       = {Kendrew, J. C. And Dickerson, R. E. And Strandberg, B. E. And Hart, R. G. And Davies, D. R. And Phillips, D. C. And Shore, V. C.},
  title        = {{Structure of myoglobin: A three-dimensional Fourier synthesis at 2 \AA\ resolution}},
  doi          = {10.1038/185422a0},
  eprint       = {18990802},
  issn         = {0028-0836},
  number       = {4711},
  pages        = {422--427},
  volume       = {185},
  journal      = {Nature},
  month        = feb,
  publisher    = {See full text options at Nature Publishing Group},
  shortjournal = {Nature},
  year         = {1960},
}

@Article{Szentgyorgyi1957,
  author    = {A. G. Szent-gyorgyi And C. Cohen},
  title     = {Role of Proline in Polypeptide Chain Configuration of Proteins},
  doi       = {10.1126/science.126.3276.697},
  number    = {3276},
  pages     = {697--698},
  volume    = {126},
  journal   = {Science},
  month     = oct,
  publisher = {American Association for the Advancement of Science ({AAAS})},
  year      = {1957},
}

@Article{Rose1978,
  author    = {George D. Rose},
  title     = {Prediction of chain turns in globular proteins on a hydrophobic basis},
  doi       = {10.1038/272586a0},
  number    = {5654},
  pages     = {586--590},
  volume    = {272},
  journal   = {Nature},
  month     = {apr},
  publisher = {Springer Science and Business Media {LLC}},
  year      = {1978},
}

@Article{Lim1974,
  author    = {V.I. Lim},
  title     = {Structural principles of the globular organization of protein chains. A stereochemical theory of globular protein secondary structure},
  doi       = {10.1016/0022-2836(74)90404-5},
  number    = {4},
  pages     = {857--872},
  volume    = {88},
  journal   = {Journal of Molecular Biology},
  month     = {oct},
  publisher = {Elsevier {BV}},
  year      = {1974},
}

@Article{Chou1974,
  author    = {Peter Y. Chou and Gerald D. Fasman},
  title     = {Prediction of protein conformation},
  doi       = {10.1021/bi00699a002},
  number    = {2},
  pages     = {222--245},
  volume    = {13},
  journal   = {Biochemistry},
  month     = {jan},
  publisher = {American Chemical Society ({ACS})},
  year      = {1974},
}

@Article{Finkelstein1971,
  author    = {A.V. Finkelstein and O.B. Ptitsyn},
  title     = {Statistical analysis of the correlation among amino acid residues in helical, $\upbeta$-stractural and non-regular regions of globular proteins},
  doi       = {10.1016/0022-2836(71)90160-4},
  number    = {3},
  pages     = {613--624},
  volume    = {62},
  journal   = {Journal of Molecular Biology},
  month     = {dec},
  publisher = {Elsevier {BV}},
  year      = {1971},
}

@Article{Robson1971,
  author    = {B. Robson and R.H. Pain},
  title     = {Analysis of the code relating sequence to conformation in proteins: Possible implications for the mechanism of formation of helical regions},
  doi       = {10.1016/0022-2836(71)90243-9},
  number    = {1},
  pages     = {237--257},
  volume    = {58},
  journal   = {Journal of Molecular Biology},
  month     = {may},
  publisher = {Elsevier {BV}},
  year      = {1971},
}

@Article{Schiffer1967,
  author    = {Marianne Schiffer and Allen B. Edmundson},
  title     = {Use of Helical Wheels to Represent the Structures of Proteins and to Identify Segments with Helical Potential},
  doi       = {10.1016/s0006-3495(67)86579-2},
  number    = {2},
  pages     = {121--135},
  volume    = {7},
  journal   = {Biophysical Journal},
  month     = {mar},
  publisher = {Elsevier {BV}},
  year      = {1967},
}

@Article{Davies1964,
  author    = {David R. Davies},
  title     = {A correlation between amino acid composition and protein structure},
  doi       = {10.1016/s0022-2836(64)80232-1},
  number    = {2},
  pages     = {605--609},
  volume    = {9},
  journal   = {Journal of Molecular Biology},
  month     = {aug},
  publisher = {Elsevier {BV}},
  year      = {1964},
}

@Article{Scheraga1960,
  author    = {Harold A. Scheraga},
  title     = {Structural Studies of Ribonuclease. {III}. A Model for the Secondary and Tertiary Structure1,2},
  doi       = {10.1021/ja01500a015},
  number    = {15},
  pages     = {3847--3852},
  volume    = {82},
  journal   = {Journal of the American Chemical Society},
  month     = {aug},
  publisher = {American Chemical Society ({ACS})},
  year      = {1960},
}

@InCollection{Rost2000,
  author    = {Burkhard Rost And Chris Sander},
  booktitle = {Protein Structure Prediction},
  title     = {Third Generation Prediction of Secondary Structures},
  doi       = {10.1385/1-59259-368-2:71},
  pages     = {71--95},
  publisher = {Humana Press},
  file      = {:Rost2000 - Third Generation Prediction of Secondary Structures.pdf:PDF},
  year      = {2000},
}

@Article{Rost1993,
  author    = {B. Rost and C. Sander},
  title     = {Improved prediction of protein secondary structure by use of sequence profiles and neural networks.},
  doi       = {10.1073/pnas.90.16.7558},
  number    = {16},
  pages     = {7558--7562},
  volume    = {90},
  file      = {:Rost1993 - Improved Prediction of Protein Secondary Structure by Use of Sequence Profiles and Neural Networks..pdf:PDF},
  journal   = {Proceedings of the National Academy of Sciences},
  month     = {aug},
  publisher = {Proceedings of the National Academy of Sciences},
  year      = {1993},
}

@Article{Eddy1995,
  author       = {Eddy, S. R.},
  title        = {{Multiple alignment using hidden Markov models}},
  eprint       = {7584426},
  issn         = {1553-0833},
  number       = {114-20.},
  url          = {https://pubmed.ncbi.nlm.nih.gov/7584426},
  volume       = {3},
  journal      = {Proceedings. International Conference on Intelligent Systems for Molecular Biology},
  publisher    = {Proc Int Conf Intell Syst Mol Biol},
  shortjournal = {Proc. Int. Conf. Intell. Syst. Mol. Biol.},
  year         = {1995},
}

@Article{Suzek2007,
  author    = {B. E. Suzek and H. Huang and P. McGarvey and R. Mazumder and C. H. Wu},
  title     = {{UniRef}: comprehensive and non-redundant {UniProt} reference clusters},
  doi       = {10.1093/bioinformatics/btm098},
  number    = {10},
  pages     = {1282--1288},
  volume    = {23},
  journal   = {Bioinformatics},
  month     = {mar},
  publisher = {Oxford University Press ({OUP})},
  year      = {2007},
}

@Article{Russell1993,
  author    = {Robert B. Russell and Geoffrey J. Barton},
  title     = {The Limits of Protein Secondary Structure Prediction Accuracy from Multiple Sequence Alignment},
  doi       = {10.1006/jmbi.1993.1649},
  number    = {4},
  pages     = {951--957},
  volume    = {234},
  file      = {:Russell1993 - The Limits of Protein Secondary Structure Prediction Accuracy from Multiple Sequence Alignment.pdf:PDF},
  journal   = {Journal of Molecular Biology},
  month     = {dec},
  publisher = {Elsevier {BV}},
  year      = {1993},
}

@Article{McGuffin2003,
  author    = {L. J. McGuffin and D. T. Jones},
  title     = {Improvement of the {GenTHREADER} method for genomic fold recognition},
  doi       = {10.1093/bioinformatics/btg097},
  number    = {7},
  pages     = {874--881},
  volume    = {19},
  journal   = {Bioinformatics},
  month     = {may},
  publisher = {Oxford University Press ({OUP})},
  year      = {2003},
}

@Article{Karplus2003,
  author    = {Kevin Karplus and Rachel Karchin and Jenny Draper and Jonathan Casper and Yael Mandel-Gutfreund and Mark Diekhans and Richard Hughey},
  title     = {Combining local-structure, fold-recognition, and new fold methods for protein structure prediction},
  doi       = {10.1002/prot.10540},
  number    = {S6},
  pages     = {491--496},
  volume    = {53},
  journal   = {Proteins: Structure, Function, and Genetics},
  publisher = {Wiley},
  year      = {2003},
}

@Article{Rost1997,
  author    = {Burkhard Rost and Reinhard Schneider and Chris Sander},
  title     = {Protein fold recognition by prediction-based threading},
  doi       = {10.1006/jmbi.1997.1101},
  number    = {3},
  pages     = {471--480},
  volume    = {270},
  journal   = {Journal of Molecular Biology},
  month     = {jul},
  publisher = {Elsevier {BV}},
  year      = {1997},
}

@Article{Baker2001,
  author    = {D. Baker},
  title     = {Protein Structure Prediction and Structural Genomics},
  doi       = {10.1126/science.1065659},
  number    = {5540},
  pages     = {93--96},
  volume    = {294},
  journal   = {Science},
  month     = {oct},
  publisher = {American Association for the Advancement of Science ({AAAS})},
  year      = {2001},
}

@Article{Bystroff2002,
  author    = {C. Bystroff and Y. Shao},
  title     = {Fully automated ab initio protein structure prediction using I-{SITES}, {HMMSTR} and {ROSETTA}},
  doi       = {10.1093/bioinformatics/18.suppl_1.s54},
  number    = {Suppl 1},
  pages     = {S54--S61},
  volume    = {18},
  journal   = {Bioinformatics},
  month     = {jul},
  publisher = {Oxford University Press ({OUP})},
  year      = {2002},
}

@Article{Srinivasan2002,
  author    = {Rajgopal Srinivasan and George D. Rose},
  title     = {Ab initio prediction of protein structure using {LINUS}},
  doi       = {10.1002/prot.10103},
  number    = {4},
  pages     = {489--495},
  volume    = {47},
  journal   = {Proteins: Structure, Function, and Genetics},
  month     = {may},
  publisher = {Wiley},
  year      = {2002},
}

@Article{Dalton2007,
  author    = {J. A. R. Dalton and R. M. Jackson},
  title     = {An evaluation of automated homology modelling methods at low target template sequence similarity},
  doi       = {10.1093/bioinformatics/btm262},
  number    = {15},
  pages     = {1901--1908},
  volume    = {23},
  journal   = {Bioinformatics},
  month     = {may},
  publisher = {Oxford University Press ({OUP})},
  year      = {2007},
}

@Article{Conte2000,
  author    = {L. Lo Conte},
  title     = {{SCOP}: a Structural Classification of Proteins database},
  doi       = {10.1093/nar/28.1.257},
  number    = {1},
  pages     = {257--259},
  volume    = {28},
  journal   = {Nucleic Acids Research},
  month     = {jan},
  publisher = {Oxford University Press ({OUP})},
  year      = {2000},
}

@Article{Wardah2019,
  author    = {Wafaa Wardah And M.g.m. Khan And Alok Sharma And Mahmood A. Rashid},
  title     = {Protein secondary structure prediction using neural networks and deep learning: A review},
  doi       = {10.1016/j.compbiolchem.2019.107093},
  pages     = {1--8},
  volume    = {81},
  file      = {:Wardah2019 - Protein Secondary Structure Prediction Using Neural Networks and Deep Learning_ a Review.pdf:PDF},
  journal   = {Computational Biology and Chemistry},
  month     = aug,
  publisher = {Elsevier {BV}},
  year      = {2019},
}

@Article{Heffernan2018,
  author    = {Rhys Heffernan And Kuldip Paliwal And James Lyons And Jaswinder Singh And Yuedong Yang And Yaoqi Zhou},
  title     = {Single-sequence-based prediction of protein secondary structures and solvent accessibility by deep whole-sequence learning},
  doi       = {10.1002/jcc.25534},
  number    = {26},
  pages     = {2210--2216},
  volume    = {39},
  file      = {:/home/saul/Downloads/Heffernan2018 - Single Sequence Based Prediction of Protein Secondary Structures and Solvent Accessibility by Deep Whole Sequence Learning.pdf:PDF},
  journal   = {Journal of Computational Chemistry},
  month     = oct,
  publisher = {Wiley},
  year      = {2018},
}

@Article{Kieslich2016,
  author    = {Chris A. Kieslich And James Smadbeck And George A. Khoury And Christodoulos A. Floudas},
  title     = {{conSSert}: Consensus {SVM} Model for Accurate Prediction of Ordered Secondary Structure},
  doi       = {10.1021/acs.jcim.5b00566},
  number    = {3},
  pages     = {455--461},
  volume    = {56},
  file      = {:Kieslich2016 - ConSSert_ Consensus SVM Model for Accurate Prediction of Ordered Secondary Structure.pdf:PDF},
  journal   = {Journal of Chemical Information and Modeling},
  month     = mar,
  publisher = {American Chemical Society ({ACS})},
  year      = {2016},
}

@Comment{jabref-meta: databaseType:biblatex;}
